@misc{guan2024identifyingdriftdiffusioncausal,
      title={Identifying Drift, Diffusion, and Causal Structure from Temporal Snapshots}, 
      author={Vincent Guan and Joseph Janssen and Hossein Rahmani and Andrew Warren and Stephen Zhang and Elina Robeva and Geoffrey Schiebinger},
      year={2024},
      eprint={2410.22729},
      archivePrefix={arXiv},
      primaryClass={stat.ML},
      url={https://arxiv.org/abs/2410.22729}, 
}
@misc{zheng2018dagstearscontinuousoptimization,
      title={DAGs with NO TEARS: Continuous Optimization for Structure Learning}, 
      author={Xun Zheng and Bryon Aragam and Pradeep Ravikumar and Eric P. Xing},
      year={2018},
      eprint={1803.01422},
      archivePrefix={arXiv},
      primaryClass={stat.ML},
      url={https://arxiv.org/abs/1803.01422}, 
}