@misc{guan2024identifyingdriftdiffusioncausal,
      title={Identifying Drift, Diffusion, and Causal Structure from Temporal Snapshots}, 
      author={Vincent Guan and Joseph Janssen and Hossein Rahmani and Andrew Warren and Stephen Zhang and Elina Robeva and Geoffrey Schiebinger},
      year={2024},
      eprint={2410.22729},
      archivePrefix={arXiv},
      primaryClass={stat.ML},
      url={https://arxiv.org/abs/2410.22729}, 
}